@inproceedings{Anderson1989,
author = {Anderson, C. H.},
booktitle = {{I}{J}{C}{N}{N}, International Joint Conference on Neural Networks},
pages = {415--417},
title = {{A conditional probability interpretation of Kanerva's sparse distributed memory}},
year = {1989}
}

@book{Anderson1995,
author = {Anderson, James A.},
publisher = {MIT Press},
title = {{An introduction to neural networks}},
year = {1995}
}

@Book{anderson90,
  author = 	"J. R. Anderson",
  year = 	"1990",
  title = 	"The adaptive character of thought",
  address = 	"Hillsdale, NJ",
  publisher = 	"Erlbaum",
}

@article{ashby1995categorization,
  title={Categorization as probability density estimation},
  author={Ashby, F.G. and Alfonso-Reese, L.A.},
  journal={Journal of Mathematical Psychology},
  volume={39},
  number={2},
  pages={216--233},
  year={1995},
  publisher={Elsevier}
}

@book{gigerenzer2000simple,
  title={Simple heuristics that make us smart},
  author={Gigerenzer, G. and Todd, P.M. and others},
  year={2000},
  publisher={Oxford University Press, USA}
}

@article{griffiths2010probabilistic,
  title={Probabilistic models of cognition: exploring representations and inductive biases},
  author={Griffiths, T.L. and Chater, N. and Kemp, C. and Perfors, A. and Tenenbaum, J.B.},
  journal={Trends in Cognitive Sciences},
  volume={14},
  number={8},
  pages={357--364},
  year={2010},
  publisher={Elsevier}
}

@article{griffiths2012bridging,
  title={Bridging Levels of Analysis for Probabilistic Models of Cognition},
  author={Griffiths, T.L. and Vul, E. and Sanborn, A.N.},
  journal={Current Directions in Psychological Science},
  volume={21},
  number={4},
  pages={263--268},
  year={2012},
  publisher={SAGE Publications}
}

@article{Hopfield1982,
author = {Hopfield, J J},
journal = {Proceedings of the National Academy of Sciences of the United States of America},
pages = {2554--2558},
title = {{Neural networks and physical systems with emergent collective computational abilities}},
volume = {79},
year = {1982}
}

@article{kahneman1972subjective,
  title={Subjective probability: A judgment of representativeness},
  author={Kahneman, D. and Tversky, A.},
  journal={Cognitive Psychology},
  volume={3},
  number={3},
  pages={430--454},
  year={1972},
  publisher={Elsevier}
}

@incollection{Kanerva1993,
author = {Kanerva, Pentti},
booktitle = {Associative Neural Memories: Theory and Implementation},
chapter = {3},
editor = {Hassoun, M.H.},
pages = {50--76},
publisher = {Oxford University Press},
title = {{Sparse Distributed Memory and Related Models}},
year = {1993}
}

@book{Kanerva1988,
author = {Kanerva, Pentti},
publisher = {MIT Press},
title = {{Sparse Distributed Memory Systems}},
year = {1988}
}

@article{Keeler1988,
author = {Keeler, James D},
journal = {Cognitive Science},
number = {86},
pages = {299--329},
title = {{Comparison Between Kanerva's SDM and Hopfield-type Neural Networks}},
volume = {12},
year = {1988}
}

@article{kruschke1992alcove,
  title={ALCOVE: an exemplar-based connectionist model of category learning.},
  author={Kruschke, J.K.},
  journal={Psychological Review},
  volume={99},
  number={1},
  pages={22},
  year={1992},
  publisher={American Psychological Association}
}

@techreport{Lippmann1987,
author = {Lippmann, RP and Gold, B and Malpass, ML},
institution = {DTIC},
title = {{A comparison of Hamming and Hopfield neural nets for pattern classification}},
year = {1987}
}

@Book{marr82,
 author =      "D. Marr",
 year =        "1982",
 title =       "Vision",
 address =     "San Francisco, CA",
 publisher =   "W. H. Freeman",
}

@article{medin1978context,
  title={Context theory of classification learning.},
  author={Medin, D.L. and Schaffer, M.M.},
  journal={Psychological Review},
  volume={85},
  number={3},
  pages={207},
  year={1978},
  publisher={American Psychological Association}
}

@techreport{neal1993probabilistic,
  title={Probabilistic inference using Markov chain Monte Carlo methods},
  author={Neal, R.M.},
  year={1993},
  institution={Department of Computer Science, University of Toronto},
  number = {CRG-TR-93-1}
}

@article{nosofsky1986attention,
  title={Attention, similarity, and the identification--categorization relationship.},
  author={Nosofsky, R.M.},
  journal={Journal of Experimental Psychology: General},
  volume={115},
  number={1},
  pages={39},
  year={1986},
  publisher={American Psychological Association}
}

@article{sanborn2010rational,
  title={Rational approximations to rational models: alternative algorithms for category learning.},
  author={Sanborn, A.N. and Griffiths, T.L. and Navarro, D.J.},
  journal={Psychological Review},
  volume={117},
  number={4},
  pages={1144},
  year={2010},
  publisher={American Psychological Association}
}

@article{Shi2009,
author = {Shi, L and Griffiths, T},
journal = {Advances in Neural Information Processing Systems},
pages = {1669--1677},
title = {{Neural implementation of hierarchical Bayesian inference by importance sampling}},
volume = {22},
year = {2009}
}

@article{Shi2010,
author = {Shi, Lei and Griffiths, Thomas L and Feldman, Naomi H and Sanborn, Adam N},
issn = {1531-5320},
journal = {Psychonomic Bulletin \& Review},
number = {4},
pages = {443--64},
pmid = {20702863},
title = {{Exemplar models as a mechanism for performing Bayesian inference.}},
volume = {17},
year = {2010}
}

@article{tenenbaum2011grow,
  title={How to grow a mind: Statistics, structure, and abstraction},
  author={Tenenbaum, J.B. and Kemp, C. and Griffiths, T.L. and Goodman, N.D.},
  journal={Science},
  volume={331},
  number={6022},
  pages={1279--1285},
  year={2011},
  publisher={American Association for the Advancement of Science}
}
